@inproceedings{arbelaez2014multiscale,
  title={Multiscale Combinatorial Grouping},
  author={Pablo Arbel{\'a}ez and Jordi Pont-Tuset and Jonathan T Barron and Ferran Marques and Jitendra Malik},
  year={2014},
  booktitle={CVPR}
}

@article{carreira2012cpmc,
  title={CPMC: Automatic object segmentation using constrained parametric min-cuts},
  author={Joao Carreira and Cristian Sminchisescu},
  journal={PAMI},
  volume={34},
  number={7},
  pages={1312--1328},
  year={2012},
}

@inproceedings{chen2014beat,
  title={Beat the mturkers: Automatic image labeling from weak 3d supervision},
  author={Liang-Chieh Chen and Sanja Fidler and Alan L. Yuille and Raquel Urtasun},
  booktitle={CVPR},
  year={2014}
}

@article{chen2014semantic,
  title={Semantic Image Segmentation with Deep Convolutional Nets and Fully Connected CRFs},
  author={Liang-Chieh Chen and George Papandreou and Iasonas Kokkinos and Kevin Murphy and Alan L Yuille},
  journal={arXiv:1412.7062},
  year={2014}
}

@article{cour2011learning,
  title={Learning from partial labels},
  author={Cour, Timothee and Sapp, Ben and Taskar, Ben},
  journal={JMLR},
  volume={12},
  pages={1501--1536},
  year={2011}
}

@article{dai2014convolutional,
  title={Convolutional Feature Masking for Joint Object and Stuff Segmentation},
  author={Jifeng Dai and Kaiming He and Jian Sun},
  journal={arXiv:1412.1283},
  year={2014}
}

@inproceedings{deng2009imagenet,
  title={Imagenet: A large-scale hierarchical image database},
  author={Jia Deng and Wei Dong and Richard Socher and Li-Jia Li and Kai Li and Li Fei-Fei},
  booktitle={CVPR},
  year={2009}
}

@inproceedings{duygulu2002object,
  title={Object recognition as machine translation: Learning a lexicon for a fixed image vocabulary},
  author={Pinar Duygulu and Kobus Barnard and Joao FG de Freitas and David A Forsyth},
  booktitle={ECCV},
  year={2002}
}

@article{eigen2014predicting,
  title={Predicting Depth, Surface Normals and Semantic Labels with a Common Multi-Scale Convolutional Architecture},
  author={David Eigen and Rob Fergus},
  journal={arXiv:1411.4734},
  year={2014}
}

@article{everingham2014pascal,
  title={The Pascal Visual Object Classes Challenge â€“ a Retrospective},
  author={Mark Everingham and S. M. Ali Eslami and Luc Van Gool and Christopher K. I. Williams and John Winn and Andrew Zisserma},
  journal={IJCV},
  year={2014}
}

@article{guillaumin2014imagenet,
  title={ImageNet Auto-annotation with Segmentation Propagation},
  author={Matthieu Guillaumin and Daniel K{\"u}ttel and Vittorio Ferrari},
  journal={IJCV},
  volume={110},
  number={3},
  pages={328--348},
  year={2014},
}

@inproceedings{hariharan2011semantic,
  title={Semantic contours from inverse detectors},
  author={Bharath Hariharan and Pablo Arbel{\'a}ez and Lubomir Bourdev and Subhransu Maji and Jitendra Malik},
  booktitle={ICCV},
  year={2011}
}

@article{hariharan2014hypercolumns,
  title={Hypercolumns for Object Segmentation and Fine-grained Localization},
  author={Bharath Hariharan and Pablo Arbel{\'a}ez and Ross Girshick and Jitendra Malik},
  journal={arXiv:1411.5752},
  year={2014}
}

@inproceedings{Hoffman14Lsda,
   Author = {Judy Hoffman and Sergio Guadarrama and Eric Tzeng and 
   		Ronghang Hu and Jeff Donahue and Ross Girshick and 
	   	Trevor Darrell and Kate Saenko},
   Title = { {LSDA}: Large Scale Detection through Adaptation},
   Year  = {2014},
   booktitle = {NIPS}
}

@article{jia2014caffe,
  Author = {Yangqing Jia and Evan Shelhamer and Jeff Donahue and Sergey Karayev and Jonathan Long and Ross Girshick and Sergio Guadarrama and Trevor Darrell},
  Journal = {arXiv:1408.5093},
  Title = {Caffe: Convolutional Architecture for Fast Feature Embedding},
  Year = {2014}
}

@inproceedings{krahenbuhl2011efficient,
  title={Efficient Inference in Fully Connected CRFs with Gaussian Edge Potentials},
  author={Philipp Kr{\"a}henb{\"u}hl and Vladlen Koltun},
  booktitle={NIPS},
  year={2011}
}

@inproceedings{kuettel2012segmentation,
  title={Segmentation propagation in imagenet},
  author={Daniel Kuettel and Matthieu Guillaumin and Vittorio Ferrari},
  booktitle={ECCV},
  year={2012}
}

@inproceedings{lempitsky2009image,
  title={Image segmentation with a bounding box prior},
  author={Victor Lempitsky and Pushmeet Kohli and Carsten Rother and Toby Sharp},
  booktitle={ICCV},
  year={2009}
}

@inproceedings{lin2014microsoft,
  title={Microsoft COCO: Common objects in context},
  author={Tsung-Yi Lin and Michael Maire and Serge Belongie and James Hays and Pietro Perona and Deva Ramanan and Piotr Doll{\'a}r and C Lawrence Zitnick},
  booktitle={ECCV},
  year={2014},
}

@article{long2014fully,
  title={Fully Convolutional Networks for Semantic Segmentation},
  author={Jonathan Long and Evan Shelhamer and Trevor Darrell},
  journal={arXiv:1411.4038},
  year={2014}
}

@ARTICLE{Lu2013,
   title       = "Learning to track and identify players from broadcast sports
                  videos",
   author      = "Wei-Lwun Lu and Jo-Anne Ting and James J Little and Kevin P Murphy",
   journal     = "PAMI",
   volume      =  35,
   number      =  7,
   pages       = "1704--1716",
   year        =  2013
 }

@article{mostajabi2014feedforward,
  title={Feedforward semantic segmentation with zoom-out features},
  author={Mohammadreza Mostajabi and Payman Yadollahpour and Gregory Shakhnarovich},
  journal={arXiv:1412.0774},
  year={2014}
}

@inproceedings{oquab2014weakly,
  title={Weakly supervised object recognition with convolutional neural networks},
  author={Maxime Oquab and L{\'e}on Bottou and Ivan Laptev and Josef Sivic},
  booktitle={NIPS},
  year={2014}
}

@article{papandreou2014untangling,
  title={Untangling Local and Global Deformations in Deep Convolutional Networks for Image Classification and Sliding Window Detection},
  author={George Papandreou and Iasonas Kokkinos and Pierre-Andr{\'e} Savalle},
  journal={arXiv:1412.0296},
  year={2014}
}

@article{pathak2014fully,
  title={Fully Convolutional Multi-Class Multiple Instance Learning},
  author={Deepak Pathak and Evan Shelhamer and Jonathan Long and Trevor Darrell},
  journal={arXiv:1412.7144},
  year={2014}
}

@article{pinheiro2014weakly,
  title={Weakly Supervised Semantic Segmentation with Convolutional Networks},
  author={Pedro O Pinheiro and Ronan Collobert},
  journal={arXiv:1411.6228},
  year={2014}
}

@inproceedings{rother2004grabcut,
  title={Grabcut: Interactive foreground extraction using iterated graph cuts},
  author={Carsten Rother and Vladimir Kolmogorov and Andrew Blake},
  booktitle={SIGGRAPH},
  year={2004}
}

@article{simonyan2014very,
  title={Very deep convolutional networks for large-scale image recognition},
  author={Karen Simonyan and Andrew Zisserman},
  journal={arXiv:1409.1556},
  year={2014}
}

@inproceedings{song2014learning,
  title={On learning to localize objects with minimal supervision},
  author={Hyun Oh Song and Ross Girshick and Stefanie Jegelka and Julien Mairal and Zaid Harchaoui and Trevor Darrell},
  booktitle={ICML},
  year={2014}
}

@inproceedings{verbeek2007region,
  title={Region classification with markov field aspect models},
  author={Jakob Verbeek and Bill Triggs},
  booktitle={CVPR},
  year={2007}
}

@inproceedings{vezhnevets2010towards,
  title={Towards weakly supervised semantic segmentation by means of multiple instance and multitask learning},
  author={Alexander Vezhnevets and Joachim M Buhmann},
  booktitle={CVPR},
  year={2010}
}

@inproceedings{vezhnevets2011weakly,
  title={Weakly supervised semantic segmentation with a multi-image model},
  author={Alexander Vezhnevets and Vittorio Ferrari and Joachim M Buhmann},
  booktitle={ICCV},
  year={2011}
}

@inproceedings{vezhnevets2012weakly,
  title={Weakly supervised structured output learning for semantic segmentation},
  author={Alexander Vezhnevets and Vittorio Ferrari and Joachim M Buhmann},
  booktitle={CVPR},
  year={2012}
}

@inproceedings{WuMilcut,
  title={MILCut: A Sweeping Line Multiple Instance Learning Paradigm for Interactive Image Segmentation},
  author={Jiajun Wu and Yibiao Zhao and Jun-Yan Zhu and Siwei Luo and Zhuowen Tu},
  booktitle={CVPR},
  year={2014}
}

@inproceedings{xia2013semantic,
  title={Semantic Segmentation without Annotating Segments},
  author={Wei Xia and Csaba Domokos and Jian Dong and Loong-Fah Cheong and Shuicheng Yan},
  booktitle={ICCV},
  year={2013}
}

@inproceedings{xu2014tell,
  title={Tell me what you see and i will show you where it is},
  author={Jia Xu and Alexander G Schwing and Raquel Urtasun},
  booktitle={CVPR},
  year={2014}
}

@inproceedings{zhu2014learning,
  title={Learning From Weakly Supervised Data by The Expectation Loss SVM (e-SVM) algorithm},
  author={Jun Zhu and Junhua Mao and Alan L Yuille},
  booktitle={NIPS},
  year={2014}
}