@inproceedings{chen2014articulated,
  title={Articulated pose estimation by a graphical model with image dependent pairwise relations},
  author={Xianjie Chen and Alan L Yuille},
  booktitle={NIPS},
  year={2014}
}

@article{cogswell2014combining,
  title={Combining the Best of Graphical Models and ConvNets for Semantic Segmentation},
  author={Michael Cogswell and Xiao Lin and Senthil Purushwalkam and Dhruv Batra},
  journal={arXiv:1412.4313},
  year={2014}
}

@article{dai2014convolutional,
  title={Convolutional Feature Masking for Joint Object and Stuff Segmentation},
  author={Jifeng Dai and Kaiming He and Jian Sun},
  journal={arXiv:1412.1283},
  year={2014}
}

@article{delong2012fast,
  title={Fast approximate energy minimization with label costs},
  author={Andrew Delong and Anton Osokin and Hossam N Isack and Yuri Boykov},
  journal={IJCV},
  year={2012}
}

@inproceedings{domke2013structured,
  title={Structured Learning via Logistic Regression},
  author={J. Domke},
  booktitle={Proc. NIPS},
  year={2013}
}

@article{eigen2014predicting,
  title={Predicting Depth, Surface Normals and Semantic Labels with a Common Multi-Scale Convolutional Architecture},
  author={David Eigen and Rob Fergus},
  journal={arXiv:1411.4734},
  year={2014}
}

@inproceedings{girshick2014rcnn,
  Author    = {Ross Girshick and
               Jeff Donahue and
               Trevor Darrell and
               Jitendra Malik},
  Title     = {Rich feature hierarchies for accurate
               object detection and semantic segmentation},
  Booktitle = {CVPR},
  Year      = {2014}
}

@article{hariharan2014hypercolumns,
  title={Hypercolumns for Object Segmentation and Fine-grained Localization},
  author={Bharath Hariharan and Pablo Arbel{\'a}ez and Ross Girshick and Jitendra Malik},
  journal={arXiv:1411.5752},
  year={2014}
}

@inproceedings{hariharan2014simultaneous,
  title={Simultaneous detection and segmentation},
  author={Bharath Hariharan and Pablo Arbel{\'a}ez and Ross Girshick and Jitendra Malik},
  booktitle={ECCV},
  year={2014}
}

@article{kohli2009robust,
  title={Robust higher order potentials for enforcing label consistency},
  author={Pushmeet Kohli and Lubor Ladicky and Philip HS Torr},
  journal={IJCV},
  year={2009}
}

@inproceedings{krahenbuhl2011efficient,
  title={Efficient Inference in Fully Connected CRFs with Gaussian Edge Potentials},
  author={Philipp Kr{\"a}henb{\"u}hl and Vladlen Koltun},
  booktitle={NIPS},
  year={2011}
}

@inproceedings{KrizhevskyNIPS2013,
	author = {A. Krizhevsky and I. Sutskever and G.~E. Hinton},
	title = {ImageNet Classification with Deep Convolutional Neural Networks},
	year = {2013},
	booktitle = {NIPS},
}

@inproceedings{ladicky2009associative,
  title={Associative hierarchical crfs for object class image segmentation},
  author={Lubor Ladicky and Christopher Russell and Pushmeet Kohli and Philip HS Torr},
  booktitle={ICCV},
  year={2009}
}


@inproceedings{LeCun1998,
	author = {Y. LeCun and L. Bottou and Y. Bengio and P. Haffner},
	title = {{Gradient-based learning applied to document recognition}},
	year = {1998},
	booktitle = {Proc. IEEE},
}

@article{long2014fully,
  title={Fully Convolutional Networks for Semantic Segmentation},
  author={Jonathan Long and Evan Shelhamer and Trevor Darrell},
  journal={arXiv:1411.4038},
  year={2014}
}

@inproceedings{lucchi2011spatial,
  title={Are spatial and global constraints really necessary for segmentation?},
  author={Aur{\'e}lien Lucchi and Yunpeng Li and Xavier Boix and Kevin Smith and Pascal Fua},
  booktitle={ICCV},
  year={2011}
}

@article{mostajabi2014feedforward,
  title={Feedforward semantic segmentation with zoom-out features},
  author={Mohammadreza Mostajabi and Payman Yadollahpour and Gregory Shakhnarovich},
  journal={arXiv:1412.0774},
  year={2014}
}

@article{papandreou2014untangling,
  title={Untangling Local and Global Deformations in Deep Convolutional Networks for Image Classification and Sliding Window Detection},
  author={George Papandreou and Iasonas Kokkinos and Pierre-Andr{\'e} Savalle},
  journal={arXiv:1412.0296},
  year={2014}
}

@inproceedings{rother2004grabcut,
  title={Grabcut: Interactive foreground extraction using iterated graph cuts},
  author={Carsten Rother and Vladimir Kolmogorov and Andrew Blake},
  booktitle={SIGGRAPH},
  year={2004}
}

@article{sermanet2013overfeat,
  title={Overfeat: Integrated recognition, localization and detection using convolutional networks},
  author={Pierre Sermanet and David Eigen and Xiang Zhang and Micha{\"e}l Mathieu and Rob Fergus and Yann LeCun},
  journal={arXiv:1312.6229},
  year={2013}
}

@article{simonyan2014very,
  title={Very deep convolutional networks for large-scale image recognition},
  author={Karen Simonyan and Andrew Zisserman},
  journal={arXiv:1409.1556},
  year={2014}
}

@article{szegedy2014going,
  title={Going deeper with convolutions},
  author={Christian Szegedy and Wei Liu and Yangqing Jia and Pierre Sermanet and Scott Reed and Dragomir Anguelov and Dumitru Erhan and Vincent Vanhoucke and Andrew Rabinovich},
  journal={arXiv:1409.4842},
  year={2014}
}

@inproceedings{tompson2014joint,
  title={{Joint Training of a Convolutional Network and a Graphical Model for Human Pose Estimation}},
  author={J. Tompson and A. Jain and Y. LeCun and C. Bregler},
  booktitle = {NIPS},
  year={2014}
}

@inproceedings{zhang2014part,
  title={Part-based R-CNNs for fine-grained category detection},
  author={Ning Zhang and Jeff Donahue and Ross Girshick and Trevor Darrell},
  booktitle={ECCV},
  year={2014}
}




